@misc{dynamixel-protocol-2,
    title = {Protocol 2.0},
    howpublished = {\url{http://emanual.robotis.com/docs/en/dxl/protocol2/}},
    author = {ROBOTIS},
    urldate = {2020-03-01},
    note = {Accessed: 2020-03-01},
}

@misc{bit-bots-specs,
    title = {Robots of the {Hamburg} {Bit-Bots}},
    date = {2019-12-01},
    year = {2019},
    howpublished = {\url{https://submission.robocuphumanoid.org/uploads/Hamburg\_Bit\_Bots-specs-5de3cecc85cbe.pdf}},
    urldate = {2020-03-02},
    note = {Accessed: 2020-03-02},
}

@misc{robocup-humanoid-teams,
    title = {{Qualified} teams for {RoboCup} 2019},
    howpublished = {\url{https://humanoid.robocup.org/hl-2019/teams/}},
    urldate = {2020-03-17},
    note = {Accessed: 2020-03-17},
}

@misc{irobot-website,
    title = {iRobot: {Saug-}, {Wisch-} und {Mähroboter}},
    howpublished = {\url{https://www.irobot.de/}},
    urldate = {2020-03-17},
    note = {Accessed: 2020-03-17},
}

@article{pepper-robot,
    author = {A. K. {Pandey} and R. {Gelin}},
    journal = {IEEE Robotics Automation Magazine},
    title = {{A} {Mass-Produced} {Sociable} {Humanoid} {Robot}: {Pepper}: {The} {First} {Machine} of {Its} {Kind}},
    year = {2018},
    volume = {25},
    number = {3},
    pages = {40--48},
}

@techreport{human-support-robot,
    author = {Takashi Yamamoto and Yutaro Takagi and Akiyoshi Ochiai and Kunihiro Iwamoto and Yuta Itozawa and Yoshiaki Asahara and Yasukata Yokochi and Koichi Ikeda},
    title = {{Human} {Support} {Robot} as {Research} {Platform} of {Domestic} {Mobile} {Manipulator}},
    institution = {Toyota Frontier Research Center and Toyota Research Institute},
    year = {2019},
}

@techreport{catie-robotics-tdp,
    author = {Rémi Fabre and Boris Albar and Clément Dussieux and Ludwig Joffroy and Zhe Li and Clément Pinet and Jennifer Simeon and Sébastien Loty},
    title = {{CATIE} {Robotics} {@Home} 2019 {Team} {Description} {Paper}},
    institution = {Centre Aquitain des Technologies de l’Information et Electroniques},
    address = {1 Avenue du Dr Albert Schweitzer, 33400 Talence, France},
    year = {2019},
}

@techreport{homer-at-uni-koblenz-tdp,
    author = {
        Raphael Memmesheimer and
        Ivanna Mykhalchyshyna and
        Niklas Yann Wettengel and
        Tobias Evers and
        Lukas Buchhold and
        Patrik Schmidt and
        Niko Schmidt and
        Ida Germann and
        Mark Mints and
        Greta Rettler and
        Christian Korbach and
        Robin Bartsch and
        Isabelle Kuhlmann and
        Thomas Weiland and
        Dietrich Paulus
    },
    title = {{RoboCup} 2019 - {homer@UniKoblenz} ({Germany})},
    institution = {University of Koblenz-Landau},
    address = {Universitätsstr. 1, 56070 Koblenz, Germany},
    year = {2019},
}

@techreport{robo-fei-at-home-tdp,
    author = {
        Bruno F. V. Perez and
        Douglas R. Meneghetti and
        Enrico Matiuci and
        Leonardo C. Neves and
        Fagner Pimentel and
        Gabriel S. Melo and
        João Victor M. Santos and
        Lucas I. Gazignato and
        Marina Y. Gonbata and
        Mateus G. Carvalho and
        Matheus V. Domingos and
        Rodrigo C. Techi and
        Thiago S. B. Meyer and
        William Y. Yaguiu and
        Flavio Tonidandel and
        Reinaldo Bianchi and
        Plinio T. Aquino Junior
    },
    title = {{RoboFEI@Home} {Team} {Description} {Paper} for {RoboCup@Home} 2019},
    institution = {FEI University Center},
    address = {Sao Paulo, Brazil},
    year = {2019},
}

@techreport{rt-lions-tdp,
    author = {
        Prof. Dr. Matthias Rätsch and
        Thomas Weber and
        Sergey Triputen and
        Marvin Ott and
        Peter Stengl and
        Pengfei Huyan and
        Bo Zhang and
        He Lin and
        Steffen Eißler and
        Michael Litz and
        Moritz Mähr and
        Lennart Kraft and
        Le Ping Peng and
        Päivi Kärnä and
        Patrik Huber and
        Michael Danner
    },
    title = {{RT} {Lions} {Team} {Description} {Paper}},
    institution = {Reutlingen University},
    address = {Alteburgstraße 150, 72762 Reutlingen, Germany},
    year = {2019},
}

@misc{robocup-history,
    title = {{A} {Brief} {History} of {RoboCup}},
    howpublished = {\url{https://www.robocup.org/a_brief_history_of_robocup}},
    urldate = {2020-03-24},
    note = {Accessed: 2020-03-24},
}

@misc{robocup-objective,
    title = {{Objective}},
    howpublished = {\url{https://www.robocup.org/objective}},
    urldate = {2020-03-24},
    note = {Accessed: 2020-03-24},
}

@misc{robocup-soccer,
    title = {{RoboCupSoccer}},
    howpublished = {\url{https://www.robocup.org/domains/1}},
    urldate = {2020-03-24},
    note = {Accessed: 2020-03-24},
}

@techreport{rs-485-overview,
    title = {{RS-422} and {RS-485} {Standards} {Overview} and {System} {Configurations}},
    author = {Manny Soltero and Jing Zhang and Chris Cockril},
    institution = {Texas Instruments},
    year = {2002},
    month = {June},
    note = {Revised May 2010},
}

@misc{crc-16-buypass,
    title = {{Catalogue} of parametrised {CRC} algorithms with 16 bits},
    howpublished = {\url{http://reveng.sourceforge.net/crc-catalogue/16.htm}},
    author = {Greg Cook},
    urldate = {2020-03-04},
    note = {Accessed: 2020-03-04},
}

@misc{freertos-fundamentals,
    title = {{RTOS} {Fundamentals}},
    howpublished = {\url{https://www.freertos.org/implementation/a00002.html}},
    urldate = {2020-03-06},
    note = {Accessed: 2020-03-06},
}

@inbook{modern-os-embedded-os,
    title = {{Modern} {Operating} {Systems}},
    author = {Andrew S. Tanenbaum and Herbert Bos},
    publisher = {Pearson},
    year = {2014},
    edition = {fourth},
    pages = {37--38}
}

@manual{mcu-ref-manual,
    title = {{RM0385} {Reference} manual - {STM32F75xxx} and {STM32F74xxx} advanced {Arm®}-based 32-bit {MCUs}},
    organization = {STMicroelectronics},
    year = {2018},
    month = {June},
    note = {Revision 8},
}

@manual{board-user-manual,
    title = {{UM2470} {User} manual - {Discovery} kit for {STM32F7} {Series} with {STM32F750N8} {MCU}},
    organization = {STMicroelectronics},
    year = {2018},
    month = {October},
    note = {Revision 1},
}

@manual{max-485-manual,
    title = {{MAX481}/{MAX483}/{MAX485}/{MAX487}–{MAX491}/{MAX1487} {Low}-{Power}, {Slew}-{Rate}-{Limited} {RS-485}/{RS-422} {Transceivers}},
    organization = {Maxim Integrated},
    year = {2014},
    month = {September},
    note = {Revision 10},
}

@manual{ftdi-232r-datasheet,
    title = {{Future} {Technology} {Devices} {International} {Ltd.} {FT232R} {USB} {UART} {IC} {Datasheet}},
    organization = {Future Technology Devices International},
    note = {Version 2.15},
}

@manual{mcu-datasheet,
    title = {{DS12535} datasheet - {STM32F750x8}},
    organization = {STMicroelectronics},
    year = {2018},
    month = {June},
    note = {Revision 1},
}

@manual{usb-2-spec,
    title = {{Universal} {Serial} {Bus} {Specification} {Revision} 2.0},
    year = {2000},
    month = {April},
}

@manual{stm32-usb-lib,
    title = {{UM1734} {User} manual - {STM32Cube™} {USB} device library},
    organization = {STMicroelectronics},
    year = {2019},
    month = {February},
    note = {Revision 4},
}

@manual{stm32-hal-docs,
    title = {{UM1905} {User} {Manual} - {Description} of {STM32F7} {HAL} and {Low-layer} drivers},
    organization = {STMicroelectronics},
    year = {2017},
    month = {February},
    note = {Revision 3},
}

@manual{stm32-cube-getting-started,
    title = {{UM1891} {User} manual - {Getting} started with {STM32CubeF7} {MCU} {Package} for {STM32F7} {Series}},
    organization = {STMicroelectronics},
    year = {2019},
    month = {January},
    note = {Revision 9},
}

@manual{stemwin-release-notes,
    title = {{Release} {Notes} for {STemWin} {Library}},
    organization = {STMicroelectronics},
    year = {2018},
    month = {March},
    note = {Part of STM32CubeF7 1.15.0},
}

@manual{emwin-manual,
    title = {emWin - {Graphic} {Library} with {Graphical} {User} {Interface} - {User} \& {Reference} {Guide}},
    organization = {SEGGER Microcontroller GmbH \& Co. KG},
    year = {2017},
    month = {November},
    note = {UM03001 Revision 1, part of STM32CubeF7 1.15.0},
}

@misc{freertos-about,
    title = {{The} {FreeRTOS™} {Kernel}},
    howpublished = {\url{https://www.freertos.org/RTOS.html}},
    urldate = {2020-03-11},
    note = {Accessed: 2020-03-11},
}

@misc{catch2-why,
    title = {{Why} do we need yet another {C++} test framework?},
    howpublished = {\url{https://github.com/catchorg/Catch2/blob/87950d9cfa87eb41ff60b7e5f7e11ad21749a2a1/docs/why-catch.md}},
    urldate = {2020-03-11},
    note = {Accessed: 2020-03-11},
}

@misc{freertos-arm-cortex-m,
    title = {{Running} the {RTOS} on a {ARM} {Cortex-M} {Core}},
    howpublished = {\url{https://www.freertos.org/RTOS-Cortex-M3-M4.html}},
    urldate = {2020-03-11},
    note = {Accessed: 2020-03-11},
}

@misc{newlib-malloc-lock,
    title = {{The} {Red} {Hat} newlib {C} {Library}},
    howpublished = {\url{https://sourceware.org/newlib/libc.html}},
    urldate = {2020-03-11},
    note = {Accessed: 2020-03-11},
}

@misc{freertos-allocators,
    title = {{Memory} {Management}},
    howpublished = {\url{https://www.freertos.org/a00111.html}},
    urldate = {2020-03-11},
    note = {Accessed: 2020-03-11},
}

@manual{arm-none-eabi-ld-manpage,
    title = {{LD(1)} {Linux} {User's} {Manual}},
    organization = {Free Software Foundation},
    year = {2016},
    month = {October},
    note = {Part of binutils-arm-none-eabi 2.27}
}

@misc{freertos-create-mutex-docs,
    title = {xSemaphoreCreateMutex},
    howpublished = {\url{https://www.freertos.org/CreateMutex.html}},
    urldate = {2020-03-11},
    note = {Accessed: 2020-03-11},
}
